@inproceedings{riss427,
  author    = {Norbert Manthey},
  title     = {Riss 4.27},
  booktitle = {SAT Competition 2014},
  year      = {2014},
}

@inproceedings{Co71,
 author = {Cook, Stephen A.},
 title = {The complexity of theorem-proving procedures},
 booktitle = {Proc. of the third annual ACM symposium on Theory of computing},
 series = {STOC '71},
 year = {1971},
 location = {Shaker Heights, Ohio, United States},
 pages = {151--158},
 numpages = {8},
 url = {http://doi.acm.org/10.1145/800157.805047},
 doi = {10.1145/800157.805047},
 acmid = {805047},
} 

@phdthesis{Fre95,
 author = {Freeman, Jon William},
 title = {Improvements to propositional satisfiability search algorithms},
 year = {1995},
 note = {UMI Order No. GAX95-32175},
 publisher = {University of Pennsylvania},
 address = {Philadelphia, PA, USA},
} 

@article{HV95,
  author    = {John N. Hooker and
               V. Vinay},
  title     = {Branching Rules for Satisfiability},
  journal   = {J. Autom. Reasoning},
  volume    = {15},
  number    = {3},
  year      = {1995},
  pages     = {359-383},
  ee        = {http://dx.doi.org/10.1007/BF00881805},
  bibsource = {DBLP, http://dblp.uni-trier.de}
}

@inproceedings{MWH10,
	author          = {Sid Mijnders and Boris de Wilde and Marijn J. H. Heule},
	title           = {Symbiosis of Search and Heuristics for Random 3-{SAT}},
	booktitle       = {Proceedings of the Third International Workshop on Logic and Search (LaSh 2010)},
	year            = {2010},
	editor          = {David Mitchell and Eugenia Ternovska},
	url             = {http://www.st.ewi.tudelft.nl/~marijn/publications/ALDS_LaSh.pdf},
	project         = {{SAT}},
	group           = {ALG}
}

@TechReport{AF10,
author = {Dimitrios Athanasiou and Marco Alvarez Fernandez},
title = {Recursive Weight Heuristic for Random k-{SAT}},
institution = {Delft University of Technology},
year = {2010},
OPTaddress = {Delft, The Netherlands},
url = {http://www.st.ewi.tudelft.nl/sat/reports/RecursiveWeightHeurKSAT.pdf}
}

@TechReport{MvVW06,
author = {Dimosthenis Mpekas and Michiel van Vlaardingen and Siert Wieringa},
title = {The first steps to a hybrid {SAT} solver},
institution = {Delft University of Technology},
year = {2006},
OPTaddress = {Delft, The Netherlands},
url = {http://www.st.ewi.tudelft.nl/sat/reports/hybrid.pdf}
}

@inproceedings{LiA97,
  author    = {Chu Min Li and
               Anbulagan},
  title     = {Heuristics Based on Unit Propagation for Satisfiability
               Problems},
  booktitle = {IJCAI (1)},
  year      = {1997},
  pages     = {366-371},
  crossref  = {DBLP:conf/ijcai/1997},
  bibsource = {DBLP, http://dblp.uni-trier.de}
}

@proceedings{DBLP:conf/ijcai/1997,
  title     = {Proceedings of the Fifteenth International Joint Conference
               on Artificial Intelligence, IJCAI 97, Nagoya, Japan, August
               23-29, 1997, 2 Volumes},
  booktitle = {IJCIA},
  publisher = {Morgan Kaufmann},
  year      = {1997},
  bibsource = {DBLP, http://dblp.uni-trier.de}
}

@inproceedings{DD01,
 author = {Dubois, Olivier and Dequen, Gilles},
 title = {A backbone-search heuristic for efficient solving of hard 3-{SAT} formulae},
 booktitle = {Proceedings of the 17th international joint conference on Artificial intelligence - Volume 1},
 series = {IJCAI'01},
 year = {2001},
 isbn = {1-55860-812-5, 978-1-558-60812-2},
 location = {Seattle, WA, USA},
 pages = {248--253},
 numpages = {6},
 url = {http://dl.acm.org/citation.cfm?id=1642090.1642124},
 acmid = {1642124},
 publisher = {Morgan Kaufmann Publishers Inc.},
 address = {San Francisco, CA, USA},
} 

@inbook{FM09HBSAT,
   Author = {Franco, John and Martin, John},
   Title = {A History of Satisfiability},
   Chapter = {1},
   Pages = {3-74},
   Crossref = {HandbookOfSAT2009}
}

@inbook{HvM09HBSAT,
   Author = {Heule, Marijn J. H. and van Maaren, Hans},
   Title = {Look-Ahead Based {SAT} Solvers},
   Chapter = {5},
   Pages = {155-184},
   Crossref = {HandbookOfSAT2009}
}

@book{HandbookOfSAT2009,
    Editor = {Biere, Armin and Heule, Marijn J. H. and van Maaren, Hans and Walsh, Toby},
    Title = {Handbook of Satisfiability},
   Publisher = {IOS Press},
    Year = {2009},
    Month = {February},
    Volume = {185},
    ISBN = {978-1-58603-929-5},
    ISSN = {0922-6389},
    Series = {Frontiers in Artificial Intelligence and Applications},
    Pages = {980}
}

@article{DLL62,
 author = {Davis, Martin and Logemann, George and Loveland, Donald},
 title = {A machine program for theorem-proving},
 journal = {Commun. ACM},
 issue_date = {July 1962},
 volume = {5},
 number = {7},
 month = jul,
 year = {1962},
 issn = {0001-0782},
 pages = {394--397},
 numpages = {4},
 url = {http://doi.acm.org/10.1145/368273.368557},
 doi = {10.1145/368273.368557},
 acmid = {368557},
 publisher = {ACM},
 address = {New York, NY, USA},
} 

@article{DP60,
 author = {Davis, Martin and Putnam, Hilary},
 title = {A Computing Procedure for Quantification Theory},
 journal = {J. ACM},
 issue_date = {July 1960},
 volume = {7},
 number = {3},
 month = jul,
 year = {1960},
 issn = {0004-5411},
 pages = {201--215},
 numpages = {15},
 url = {http://doi.acm.org/10.1145/321033.321034},
 doi = {10.1145/321033.321034},
 acmid = {321034},
 publisher = {ACM},
 address = {New York, NY, USA},
} 

@inproceedings{SS96,
 author = {Silva, Jo\~{a}o P. Marques and Sakallah, Karem A.},
 title = {GRASP -- a new search algorithm for satisfiability},
 booktitle = {Proc. of the 1996 IEEE/ACM international conference on Computer-aided design},
 series = {ICCAD '96},
 year = {1996},
 isbn = {0-8186-7597-7},
 location = {San Jose, California, USA},
 pages = {220--227},
 numpages = {8},
 url = {http://dl.acm.org/citation.cfm?id=244522.244560},
 acmid = {244560},
 publisher = {IEEE Computer Society},
% address = {Washington, DC, USA},
 keywords = {Propositional Satisfiability, Search Algorithms, Backtracking, Non-chronological Backtracking, Automatic Test Pattern Generation, Electronic Design Automation.},
} 

@inproceedings{HW12,
  author    = {Youssef Hamadi and
               Christoph M. Wintersteiger},
  title     = {Seven Challenges in Parallel {SAT} Solving},
  booktitle = {AAAI},
  year      = {2012},
  ee        = {http://www.aaai.org/ocs/index.php/AAAI/AAAI12/paper/view/5001},
  crossref  = {DBLP:conf/aaai/2012},
  bibsource = {DBLP, http://dblp.uni-trier.de}
}

@proceedings{DBLP:conf/aaai/2012,
  editor    = {J{\"o}rg Hoffmann and
               Bart Selman},
  title     = {Proceedings of the Twenty-Sixth AAAI Conference on Artificial
               Intelligence, July 22-26, 2012, Toronto, Ontario, Canada},
  booktitle = {AAAI},
  publisher = {AAAI Press},
  year      = {2012},
  bibsource = {DBLP, http://dblp.uni-trier.de}
}

@inproceedings{HKWB12,
	author          = {Marijn J.H. Heule and Oliver Kullmann and Siert Wieringa and Armin Biere},
	title           = {Cube and Conquer: Guiding {CDCL} {SAT} Solvers by Lookaheads},
	booktitle       = {Accepted for HVC 2011},
	year            = {2012},
%	note            = {Accepted for HVC 2011},
	url             = {http://www.st.ewi.tudelft.nl/~marijn/publications/cube.pdf},
	project         = {{SAT}},
	group           = {ALG}
}

@inproceedings{THB12,
 author = {van der Tak, Peter and Heule, Marijn J. H. and Biere, Armin},
 title = {Concurrent cube-and-conquer},
 booktitle = {Proc. of the 15th international conference on Theory and Applications of Satisfiability Testing},
 series = {{SAT}'12},
 year = {2012},
 isbn = {978-3-642-31611-1},
 location = {Trento, Italy},
 pages = {475--476},
 numpages = {2},
 url = {http://dx.doi.org/10.1007/978-3-642-31612-8_42},
 doi = {10.1007/978-3-642-31612-8_42},
 acmid = {2352273},
 %publisher = {Springer-Verlag},
 %address = {Berlin, Heidelberg},
} 

@inproceedings{HM12,
  author    = {Antti Eero Johannes Hyv{\"a}rinen and
               Norbert Manthey},
  title     = {Designing Scalable Parallel {SAT} Solvers},
  booktitle = {{SAT}},
  year      = {2012},
  pages     = {214-227},
  ee        = {http://dx.doi.org/10.1007/978-3-642-31612-8_17},
  crossref  = {DBLP:conf/sat/2012},
  bibsource = {DBLP, http://dblp.uni-trier.de}
}

@proceedings{DBLP:conf/sat/2012,
  editor    = {Alessandro Cimatti and
               Roberto Sebastiani},
  title     = {Theory and Applications of Satisfiability Testing - {SAT}
               2012 - 15th International Conference, Trento, Italy, June
               17-20, 2012. Proceedings},
  booktitle = {{SAT}},
  publisher = {Springer},
  series    = {LNCS},
  volume    = {7317},
  year      = {2012},
  isbn      = {978-3-642-31611-1},
  ee        = {http://dx.doi.org/10.1007/978-3-642-31612-8},
  bibsource = {DBLP, http://dblp.uni-trier.de}
}

@inproceedings{HJN10,
 author = {Hyv\"{a}rinen, Antti E. J. and Junttila, Tommi and Niemel\"{a}, Ilkka},
 title = {Partitioning {SAT} instances for distributed solving},
 booktitle = {Proc. of the 17th international conference on Logic for programming, artificial intelligence, and reasoning},
 series = {LPAR'10},
 year = {2010},
 isbn = {3-642-16241-X, 978-3-642-16241-1},
 location = {Yogyakarta, Indonesia},
 pages = {372--386},
 numpages = {15},
 url = {http://dl.acm.org/citation.cfm?id=1928380.1928407},
 acmid = {1928407},
% publisher = {Springer-Verlag},
% address = {Berlin, Heidelberg},
} 

@inproceedings{HDvZM04,
 author = {Heule, Marijn and Dufour, Mark and van Zwieten, Joris and van Maaren, Hans},
 title = {March\textunderscore{}eq: implementing additional reasoning into an efficient look-ahead {SAT} solver},
 booktitle = {Proceedings of the 7th international conference on Theory and Applications of Satisfiability Testing},
 series = {{SAT}'04},
 year = {2005},
 isbn = {3-540-27829-X, 978-3-540-27829-0},
 location = {Vancouver, BC, Canada},
 pages = {345--359},
 numpages = {15},
 url = {http://dx.doi.org/10.1007/11527695\textunderscore{}26},
 doi = {10.1007/11527695\textunderscore{}26},
 acmid = {2103172},
 publisher = {Springer-Verlag},
 address = {Berlin, Heidelberg},
} 

@Article{mmzzm01,
	Author = "M. Moskewicz and C. Madigan and Y. Zhao and L. Zhang and S. Malik",
	Date-Added = "2010-01-10 12:12:45 +0100",
	Date-Modified = "2010-02-10 01:10:35 +0100",
	Journal = "Design Automation Conference",
	Pages = "530--535",
	Title = "Chaff: Engineering an Efficient {SAT} Solver",
	Year = "2001",
	Bdsk-File-1 = "YnBsaXN0MDDUAQIDBAUGCQpYJHZlcnNpb25UJHRvcFkkYXJjaGl2ZXJYJG9iamVjdHMSAAGGoNEHCFRyb290gAFfEA9OU0tleWVkQXJjaGl2ZXKoCwwXGBkdJCVVJG51bGzTDQ4PEBEUViRjbGFzc1dOUy5rZXlzWk5TLm9iamVjdHOAB6ISE4ACgAOiFRaABIAGWWFsaWFzRGF0YVxyZWxhdGl2ZVBhdGjSDRobHFdOUy5kYXRhgAVPEQGAAAAAAAGAAAIAAAxNYWNpbnRvc2ggSEQAAAAAAAAAAAAAAAAAAADGOuokSCsAAAAQOL8TREFDLjIwMDEuOTM1NTY1LmJpYgAAAAAAAAAAAAAAAAAAAAAAAAAAAAAAAAAAAAAAAAAAAAAAAAAAAAAAAAAAABxOwsdvdmkAAAAAAAAAAAAEAAIAAAkgAAAAAAAAAAAAAAAAAAAABi5UcmFzaAAQAAgAAMY6zgQAAAARAAgAAMdvaFkAAAABAAwAEDi/AAqa1AAAhe0AAgAxTWFjaW50b3NoIEhEOlVzZXJzOmFyaTouVHJhc2g6REFDLjIwMDEuOTM1NTY1LmJpYgAADgAoABMARABBAEMALgAyADAAMAAxAC4AOQAzADUANQA2ADUALgBiAGkAYgAPABoADABNAGEAYwBpAG4AdABvAHMAaAAgAEgARAASACRVc2Vycy9hcmkvLlRyYXNoL0RBQy4yMDAxLjkzNTU2NS5iaWIAEwABLwAAFQACAAr//wAA0h4fICFYJGNsYXNzZXNaJGNsYXNzbmFtZaMhIiNdTlNNdXRhYmxlRGF0YVZOU0RhdGFYTlNPYmplY3RfECYuLi8uLi8uLi8uLi8uVHJhc2gvREFDLjIwMDEuOTM1NTY1LmJpYtIeHyYnoicjXE5TRGljdGlvbmFyeQAIABEAGgAfACkAMgA3ADoAPwBBAFMAXABiAGkAcAB4AIMAhQCIAIoAjACPAJEAkwCdAKoArwC3ALkCPQJC
AksCVgJaAmgCbwJ4AqECpgKpAAAAAAAAAgEAAAAAAAAAKAAAAAAAAAAAAAAAAAAAArY="
}

@InProceedings{PD07,
 author = {Pipatsrisawat, Knot and Darwiche, Adnan},
 title = {A lightweight component caching scheme for satisfiability solvers},
 booktitle = {Proc. of the 10th international conference on Theory and applications of satisfiability testing},
 series = {SAT'07},
 year = {2007},
 isbn = {978-3-540-72787-3},
 location = {Lisbon, Portugal},
 pages = {294--299},
 numpages = {6},
 url = {http://dl.acm.org/citation.cfm?id=1768142.1768170},
 acmid = {1768170},
 publisher = {Springer-Verlag},
% address = {Berlin, Heidelberg},
} 

@article{HM06,
	author          = {Marijn J.H. Heule and Hans van Maaren},
	title           = {March\textunderscore{}dl: Adding Adaptive Heuristics and a New Branching Strategy},
	journal         = {Journal on Satisfiability, Boolean Modeling and Computation},
	year            = {2006},
	month           = {mar},
	volume          = {2},
	pages           = {47-59},
	url             = {http://www.st.ewi.tudelft.nl/~heule/publications/JSAT2\textunderscore{}3\textunderscore{}Heule.pdf},
	project         = {{SAT}},
	group           = {ALG}
}

@inproceedings{HM07,
	author          = {Marijn J.H. Heule and Hans van Maaren},
	title           = {Effective Incorporation of Double Look-Ahead Procedures},
	booktitle       = {Theory and Applications of Satisfiability Testing - {SAT} 2007},
	publisher       = {Springer},
	year            = {2007},
	editor          = {Joao Marques-Silva and Karem A. Sakallah},
	volume          = {4501},
	series          = {Lecture Notes in Computer Science},
	pages           = {258-271},
	isbn            = {978-3-540-72787-3},
	url             = {http://www.st.ewi.tudelft.nl/~marijn/publications/doublelook.pdf},
	project         = {{SAT}},
	group           = {ALG}
}

@incollection {DD04,
   author = {Dequen, Gilles and Dubois, Olivier},
   affiliation = {LaRIA, UniversitÃ© de Picardie, Jules Verne, CURI, 5 rue du moulin neuf, 80000 Amiens, France},
   title = {kcnfs: An Efficient Solver for Random k-{SAT} Formulae},
   booktitle = {Theory and Applications of Satisfiability Testing},
   series = {Lecture Notes in Computer Science},
   editor = {Giunchiglia, Enrico and Tacchella, Armando},
   publisher = {Springer Berlin / Heidelberg},
   isbn = {978-3-540-20851-8},
   keyword = {Computer Science},
   pages = {305-306},
   volume = {2919},
   url = {http://dx.doi.org/10.1007/978-3-540-24605-3\textunderscore{}36},
   note = {10.1007/978-3-540-24605-3\textunderscore{}36},
   year = {2004}
}

@phdthesis{H08,
	author          = {Marijn J.H. Heule},
	title           = {SmArT solving: Tools and techniques for satisfiability solvers},
	school          = {TU Delft},
	year            = {2008},
	tutor           = {Cees Witteveen},
	isbn            = {978-90-9022877-8},
	url             = {http://www.st.ewi.tudelft.nl/sat/theses/heule\textunderscore{}phd.pdf},
	project         = {{SAT}},
	group           = {ALG}
}

@inproceedings{SS98,
  author    = {Mary Sheeran and
               Gunnar St{\aa}lmarck},
  title     = {A Tutorial on St{\aa}lmarcks's Proof Procedure for Propositional
               Logic},
  booktitle = {FMCAD},
  year      = {1998},
  pages     = {82-99},
  ee        = {http://dx.doi.org/10.1007/3-540-49519-3_7},
  crossref  = {DBLP:conf/fmcad/1998},
  bibsource = {DBLP, http://dblp.uni-trier.de}
}

@proceedings{DBLP:conf/fmcad/1998,
  editor    = {Ganesh Gopalakrishnan and
               Phillip J. Windley},
  title     = {Formal Methods in Computer-Aided Design, Second International
               Conference, FMCAD '98, Palo Alto, California, USA, November
               4-6, 1998, Proceedings},
  booktitle = {FMCAD},
  publisher = {Springer},
  series    = {Lecture Notes in Computer Science},
  volume    = {1522},
  year      = {1998},
  isbn      = {3-540-65191-8},
  bibsource = {DBLP, http://dblp.uni-trier.de}
}

@article{Li03,
 author = {Li, Chu-Min},
 title = {Equivalent literal propagation in the DLL procedure},
 journal = {Discrete Appl. Math.},
 issue_date = {15 August 2003},
 volume = {130},
 number = {2},
 month = aug,
 year = {2003},
 issn = {0166-218X},
 pages = {251--276},
 numpages = {26},
 url = {http://dx.doi.org/10.1016/S0166-218X(02)00407-9},
 doi = {10.1016/S0166-218X(02)00407-9},
 acmid = {947700},
 publisher = {Elsevier Science Publishers B. V.},
 address = {Amsterdam, The Netherlands, The Netherlands},
 keywords = {Davis-Logemann-Loveland procedure, {SAT}, equivalency reasoning},
} 

@article{Li99,
 author = {Li, Chu Min},
 title = {A constraint-based approach to narrow search trees for satisfiability},
 journal = {Inf. Process. Lett.},
 issue_date = {July 30, 1999},
 volume = {71},
 number = {2},
 month = jul,
 year = {1999},
 issn = {0020-0190},
 pages = {75--80},
 numpages = {6},
 url = {http://dx.doi.org/10.1016/S0020-0190(99)00088-5},
 doi = {10.1016/S0020-0190(99)00088-5},
 acmid = {329358},
 publisher = {Elsevier North-Holland, Inc.},
 address = {Amsterdam, The Netherlands, The Netherlands},
 keywords = {DP procedure, {SAT}, automatic theorem proving, computational complexity},
} 

@inproceedings{HJN06,
 author = {Hyv\"{a}rinen, Antti E. J. and Junttila, Tommi and Niemel\"{a}, Ilkka},
 title = {A distribution method for solving {SAT} in grids},
 booktitle = {Proc. of the 9th international conference on Theory and Applications of Satisfiability Testing},
 series = {{SAT}'06},
 year = {2006},
 isbn = {3-540-37206-7, 978-3-540-37206-6},
 location = {Seattle, WA},
 pages = {430--435},
 numpages = {6},
 doi = {10.1007/11814948\textunderscore{}39},
 acmid = {2165430},
 publisher = {Springer-Verlag},
% address = {Berlin, Heidelberg},
} 

@inproceedings{ppfolio12,
  author    = {Olivier Roussel},
  title     = {Description of ppfolio 2012},
  booktitle = {Proceedings of {SAT} {C}hallenge 2012: 
	Solver and Benchmark Descriptions},
  year      = {2012},
  pages     = {46},
  crossref  = {sc2012proceedings}
}

@inproceedings{splitter,
  author    = {Antti Eero Johannes Hyv{\"a}rinen and Norbert Manthey},
  title     = {Splitter -- a Scalable Parallel {SAT} Solver Based on Iterative Partitioning},
  booktitle = {Proceedings of {SAT} {C}hallenge 2012: 
	Solver and Benchmark Descriptions},
  year      = {2012},
  pages     = {62},
  crossref  = {sc2012proceedings}
}

@inproceedings{plingeling,
  author    = {Armin Biere},
  title     = { Lingeling and Friends Entering the SAT Challenge 2012},
  booktitle = {Proceedings of {SAT} {C}hallenge 2012: 
	Solver and Benchmark Descriptions},
  year      = {2012},
  pages     = {33-34},
  crossref  = {sc2012proceedings}
}

@book{sc2012proceedings,
title = {Proceedings of {SAT} {C}hallenge 2012: 
	Solver and Benchmark Descriptions},
editor = {Adrian Balint and Anton Belov and Daniel Diepold
	and Simon Gerber and Matti J\"arvisalo and Carsten Sinz},
series = {Department of Computer Science Series of Publications B},
volume = {B-2012-2},
%publisher = {University of Helsinki},
year = {2012},
%note = {ISBN 978-952-10-8106-4},
}

@Misc{minisat22,
	Author = {{Niklas S{\"o}rensson}},
	Howpublished = "\url{http://baldur.iti.uka.de/sat-race-2010/descriptions/solver_25+26.pdf}",
	Title = "{MINISAT} 2.2 and {MINISAT}++ 1.1",
	year = "2010"
}

@article{JLBRS12,
 author = {Matti J\"arvisalo and Le Berre, Daniel 
	and Olivier Roussel and Laurent Simon},
 journal  = {AI Magazine},
 title = {The International {SAT} Solver Competitions},
 volume = {33},
 number = {1},
 pages  = {89--92},
 year   = {2012},
}

@phdthesis{Hy11,
 author = {Antti Eero Johannes Hyv{\"a}rinen},
 title = {Improvements to propositional satisfiability search algorithms},
 year = {2011},
 note = {Doctoral Dissertations 118/2011},
 publisher = {Aalto University},
 address = {Helsinki, Finland},
} 

@inproceedings{GMNOS12,
  author    = {Peter Gro{\ss}mann and
               Steffen H{\"o}lldobler and
               Norbert Manthey and
               Karl Nachtigall and
               Jens Opitz and
               Peter Steinke},
  title     = {Solving Periodic Event Scheduling Problems with {SAT}},
  booktitle = {IEA/AIE},
  year      = {2012},
  pages     = {166-175},
  ee        = {http://dx.doi.org/10.1007/978-3-642-31087-4\textunderscore{}18},
  crossref  = {DBLP:conf/ieaaie/2012},
  bibsource = {DBLP, http://dblp.uni-trier.de}
}

@proceedings{DBLP:conf/ieaaie/2012,
  editor    = {He Jiang and
               Wei Ding and
               Moonis Ali and
               Xindong Wu},
  title     = {Advanced Research in Applied Artificial Intelligence - 25th
               International Conference on Industrial Engineering and Other
               Applications of Applied Intelligent Systems, IEA/AIE 2012,
               Dalian, China, June 9-12, 2012. Proceedings},
  booktitle = {IEA/AIE},
  publisher = {Springer},
  series    = {Lecture Notes in Computer Science},
  volume    = {7345},
  year      = {2012},
  isbn      = {978-3-642-31086-7},
  ee        = {http://dx.doi.org/10.1007/978-3-642-31087-4},
  bibsource = {DBLP, http://dblp.uni-trier.de}
}

@inproceedings{Go10,
 author = {Goel, Asvin},
 title = {A column generation heuristic for the general vehicle routing problem},
 booktitle = {Proceedings of the 4th international conference on Learning and intelligent optimization},
 series = {LION'10},
 year = {2010},
 isbn = {3-642-13799-7, 978-3-642-13799-0},
 location = {Venice, Italy},
 pages = {1--9},
 numpages = {9},
 url = {http://dl.acm.org/citation.cfm?id=1893659.1893661},
 acmid = {1893661},
 publisher = {Springer-Verlag},
 address = {Berlin, Heidelberg},
} 

@article{Ca89,
 author = {Carlier, J. and Pinson, E.},
 title = {An algorithm for solving the job-shop problem},
 journal = {Manage. Sci.},
 issue_date = {Feb. 1989},
 volume = {35},
 number = {2},
 month = feb,
 year = {1989},
 issn = {0025-1909},
 pages = {164--176},
 numpages = {13},
 url = {http://dx.doi.org/10.1287/mnsc.35.2.164},
 doi = {10.1287/mnsc.35.2.164},
 acmid = {72415},
 publisher = {INFORMS},
 address = {Institute for Operations Research and the Management Sciences (INFORMS), Linthicum, Maryland, USA},
} 

@inproceedings{BA99,
 author = {Biere, Armin and Cimatti, Alessandro and Clarke, Edmund M. and Zhu, Yunshan},
 title = {Symbolic Model Checking without BDDs},
 booktitle = {Proceedings of the 5th International Conference on Tools and Algorithms for Construction and Analysis of Systems},
 series = {TACAS '99},
 year = {1999},
 isbn = {3-540-65703-7},
 pages = {193--207},
 numpages = {15},
 url = {http://dl.acm.org/citation.cfm?id=646483.691738},
 acmid = {691738},
 publisher = {Springer-Verlag},
 address = {London, UK, UK},
} 

@article{DKW08,
 author = {D'Silva, V. and Kroening, D. and Weissenbacher, G.},
 title = {A Survey of Automated Techniques for Formal Software Verification},
 journal = {Trans. Comp.-Aided Des. Integ. Cir. Sys.},
 issue_date = {July 2008},
 volume = {27},
 number = {7},
 month = jul,
 year = {2008},
 issn = {0278-0070},
 pages = {1165--1178},
 numpages = {14},
 url = {http://dx.doi.org/10.1109/TCAD.2008.923410},
 doi = {10.1109/TCAD.2008.923410},
 acmid = {2302032},
 publisher = {IEEE Press},
 address = {Piscataway, NJ, USA},
 keywords = {Bounded model checking (BMC), model checking, predicate abstraction, software verification, static analysis},
} 

@inproceedings{KS92,
 author = {Kautz, Henry and Selman, Bart},
 title = {Planning as satisfiability},
 booktitle = {Proceedings of the 10th European conference on Artificial intelligence},
 series = {ECAI '92},
 year = {1992},
 isbn = {0-471-93608-1},
 location = {Vienna, Austria},
 pages = {359--363},
 numpages = {5},
 url = {http://dl.acm.org/citation.cfm?id=145448.146725},
 acmid = {146725},
 publisher = {John Wiley \& Sons, Inc.},
 address = {New York, NY, USA},
} 

@inproceedings{ABLS10,
  author    = {Josep Argelich and
               Daniel Le Berre and
               In{\^e}s Lynce and
               Jo{\~a}o P. Marques Silva and
               Pascal Rapicault},
  title     = {Solving Linux Upgradeability Problems Using Boolean Optimization},
  booktitle = {LoCoCo},
  year      = {2010},
  pages     = {11-22},
  ee        = {http://dx.doi.org/10.4204/EPTCS.29.2},
  crossref  = {DBLP:journals/corr/abs-1007-0831},
  bibsource = {DBLP, http://dblp.uni-trier.de}
}

@proceedings{DBLP:journals/corr/abs-1007-0831,
  editor    = {In{\^e}s Lynce and
               Ralf Treinen},
  title     = {Proceedings First International Workshop on Logics for Component
               Configuration},
  booktitle = {LoCoCo},
  series    = {EPTCS},
  volume    = {29},
  year      = {2010},
  ee        = {http://dx.doi.org/10.4204/EPTCS.29},
  bibsource = {DBLP, http://dblp.uni-trier.de}
}

@inproceedings{LM06,
  author    = {In{\^e}s Lynce and
               Jo{\~a}o Marques-Silva},
  title     = {{SAT} in Bioinformatics: Making the Case with Haplotype Inference},
  booktitle = {{SAT}},
  year      = {2006},
  pages     = {136-141},
  ee        = {http://dx.doi.org/10.1007/11814948\textunderscore{}16},
  crossref  = {DBLP:conf/sat/2006},
  bibsource = {DBLP, http://dblp.uni-trier.de}
}

@proceedings{DBLP:conf/sat/2006,
  editor    = {Armin Biere and
               Carla P. Gomes},
  title     = {Theory and Applications of Satisfiability Testing - {SAT}
               2006, 9th International Conference, Seattle, WA, USA, August
               12-15, 2006, Proceedings},
  booktitle = {{SAT}},
  publisher = {Springer},
  series    = {Lecture Notes in Computer Science},
  volume    = {4121},
  year      = {2006},
  isbn      = {3-540-37206-7},
  bibsource = {DBLP, http://dblp.uni-trier.de}
}

@INPROCEEDINGS{HMVJP11,
    author = {Steffen H\"olldobler and Norbert Manthey and Hau Van Nguyen and Julian Stecklina and Peter Steinke},
    title = {A Short Overview on Modern Parallel {SAT}-Solvers},
    booktitle = {Proceedings of the International Conference on Advanced Computer Science and Information Systems},
    editors = {I. Wasito et.al.},
    pages = {201--206},
    year = {2011}
}

@techreport{hmnss-tr-2011,
author = {Steffen H\"olldobler and Norbert Manthey and Hau Van Nguyen and Julian Stecklina and Peter Steinke},
title = {Modern Parallel SAT-Solvers},
type = {Technical Report},
number = {Technical Report 2011-06},
year = {2011},
institution = {TU Dresden},
address = {Dresden, Germany},
}

@inproceedings{Ge11,
 author = {Van Gelder, Allen},
 title = {Careful ranking of multiple solvers with timeouts and ties},
 booktitle = {Proceedings of the 14th international conference on Theory and application of satisfiability testing},
 series = {{SAT}'11},
 year = {2011},
 isbn = {978-3-642-21580-3},
 location = {Ann Arbor, MI},
 pages = {317--328},
 numpages = {12},
 url = {http://dl.acm.org/citation.cfm?id=2023474.2023508},
 acmid = {2023508},
 publisher = {Springer-Verlag},
 address = {Berlin, Heidelberg},
} 

@book{Ha09,
 author = {Harrison, John},
 title = {Handbook of Practical Logic and Automated Reasoning},
 year = {2009},
 isbn = {0521899575, 9780521899574},
 edition = {1st},
 publisher = {Cambridge University Press},
 address = {New York, NY, USA},
}

@book{BN98,
 author = {Baader, Franz and Nipkow, Tobias},
 title = {Term rewriting and all that},
 year = {1998},
 isbn = {0-521-45520-0},
 publisher = {Cambridge University Press},
 address = {New York, NY, USA},
} 

@techreport{Ir12,
author = {Ahmed Irfan},
title = {Search Space Partitioning with Lookahead},
type = {Technical Report},
number = {Technical Report 2012-04},
year = {2012},
institution = {TU Dresden},
address = {Dresden, Germany},
}

@TechReport{LM13,
author = {Davide Lanti and Norbert Manthey},
title = {Sharing Information in Parallel Search with Search Space Partitioning},
institution = {Dresen University of Technology},
year = {2013},
OPTaddress = {Dresen, Germany},
url = {http://www.wv.inf.tu-dresden.de/Publications/2013/report-13-01.pdf}
}

@inproceedings{Au12,
 author = {Audemard, Gilles and Simon, Laurent},
 title = {Refining restarts strategies for {SAT} and {UNSAT}},
 booktitle = {Proc. of the 18th international conference on Principles and Practice of Constraint Programming},
 series = {CP'12},
 year = {2012},
 isbn = {978-3-642-33557-0},
 location = {Qu\&\#233;bec City, QC, Canada},
 pages = {118--126},
 numpages = {9},
 url = {http://dx.doi.org/10.1007/978-3-642-33558-7\textunderscore{}11},
 doi = {10.1007/978-3-642-33558-7\textunderscore{}11},
 acmid = {2405308},
 publisher = {Springer-Verlag},
% address = {Berlin, Heidelberg},
} 

@inbook{parallel-survey,
    author = {Singer, Daniel},
    booktitle = {Parallel Combinatorial Optimization},
    editor = {Talbi, El-Ghazali},
    month = oct,
    publisher = {Wiley Interscience},
    title = {{Parallel Resolution of the Satisfiability Problem: A Survey}},
    year = {2006}
}

@ARTICLE{psato,
    author = {Hantao Zhang and Maria Paola Bonacina and Maria Paola and Bonacina and Jieh Hsiang},
    title = {{PSATO}: a Distributed Propositional Prover and Its Application to Quasigroup Problems},
    journal = {Journal of Symbolic Computation},
    year = {1996},
    volume = {21},
    pages = {543--560}
}

@inproceedings{Hy09,
 author = {Hyv\"{a}rinen, Antti E. and Junttila, Tommi and Niemel\"{a}, Ilkka},
 title = {Partitioning Search Spaces of a Randomized Search},
 booktitle = {Proceedings of the XIth International Conference of the Italian Association for Artificial Intelligence Reggio Emilia on Emergent Perspectives in Artificial Intelligence},
 series = {AI*IA '09:},
 year = {2009},
 isbn = {978-3-642-10290-5},
 location = {Reggio Emilia, Italy},
 pages = {243--252},
 numpages = {10},
 url = {http://dx.doi.org/10.1007/978-3-642-10291-2\textunderscore{}25},
 doi = {10.1007/978-3-642-10291-2\textunderscore{}25},
 acmid = {1695242},
 publisher = {Springer-Verlag},
 address = {Berlin, Heidelberg},
} 

@inproceedings{Kat11,
 author = {Katebi, Hadi and Sakallah, Karem A. and Marques-Silva, Jo\~{a}o P.},
 title = {Empirical study of the anatomy of modern sat solvers},
 booktitle = {Proc. of the 14th international conference on Theory and application of satisfiability testing},
 series = {{SAT}'11},
 year = {2011},
 isbn = {978-3-642-21580-3},
 location = {Ann Arbor, MI},
 pages = {343--356},
 numpages = {14},
 url = {http://dl.acm.org/citation.cfm?id=2023474.2023510},
 acmid = {2023510},
 publisher = {Springer-Verlag},
% address = {Berlin, Heidelberg},
} 

@article{HJS09,
  title = {Many{SAT}: a Parallel {SAT} Solver},
  author = {Youssef Hamadi and Sa\"{\i}d Jabbour and Lakhdar Sais},
  year = {2009},
  doi = {http://jsat.ewi.tudelft.nl/content/volume6/JSAT6\textunderscore{}12\textunderscore{}Hamadi.pdf},
  researchr = {http://researchr.org/publication/HamadiJS09-1},
  cites = {0},
  citedby = {0},
  journal = {{JSAT}},
  volume = {6},
  number = {4},
  pages = {245-262},
}

@InProceedings{AHJ12,
title = {Revisiting Clause Exchange in Parallel {SAT} Solving},
booktitle = {Fifteenth International Conference on Theory and Applications of Satisfiability Testing({SAT}'12)},
pages = {200--213},
author = {Audemard, Gilles and Hoessen, Beno\^{\i}t and Jabbour, Said and Lagniez, Jean-Marie and Piette, C\'{e}dric},
OPT_auteurs_membres = {Audemard, Gilles and Hoessen, Benoît and Jabbour, Said and Lagniez, Jean-Marie and Piette, Cédric},
year = {2012},
month = {may},
}

@book{HS04,
  author    = {Holger H. Hoos and
               Thomas St{\"u}tzle},
  title     = {Stochastic Local Search: Foundations {\&} Applications},
  publisher = {Elsevier / Morgan Kaufmann},
  year      = {2004},
  isbn      = {1-55860-872-9},
  bibsource = {DBLP, http://dblp.uni-trier.de}
}

@techreport{plingeling,
author = {A. Biere},
title = {Lingeling, {P}lingeling, {PicoSAT} and {PrecoSAT} at {SAT} {R}ace 2010},
type = {FMV Report Series},
number = {Technical Report 10/1},
year = {2010},
institution = {Johannes Kepler University},
address = {Linz, Austria},
}

@inproceedings{GHJS10,
 author = {Guo, Long and Hamadi, Youssef and Jabbour, Sa\"{\i}d and Sais, Lakhdar},
 title = {Diversification and intensification in parallel {SAT} solving},
 booktitle = {Proc. of the 16th international conference on Principles and practice of constraint programming},
 series = {CP'10},
 year = {2010},
 isbn = {3-642-15395-X, 978-3-642-15395-2},
 location = {St. Andrews, Scotland},
 pages = {252--265},
 numpages = {14},
 url = {http://dl.acm.org/citation.cfm?id=1886008.1886033},
 acmid = {1886033},
% publisher = {Springer-Verlag},
% address = {Berlin, Heidelberg},
 keywords = {SAT and CSP, satisfiability, search},
} 

@article{GSCK00,
 author = {Gomes, Carla P. and Selman, Bart and Crato, Nuno and Kautz, Henry},
 title = {Heavy-Tailed Phenomena in Satisfiability and Constraint Satisfaction Problems},
 journal = {J. Autom. Reason.},
 issue_date = {February 2000},
 volume = {24},
 number = {1-2},
 month = feb,
 year = {2000},
 issn = {0168-7433},
 pages = {67--100},
 numpages = {34},
 url = {http://dx.doi.org/10.1023/A:1006314320276},
 doi = {10.1023/A:1006314320276},
 acmid = {594284},
 publisher = {Springer-Verlag New York, Inc.},
 address = {Secaucus, NJ, USA},
 keywords = {backtracking, constraint satisfaction, heavy tails, satisfiability},
} 


@inproceedings{HJN11,
 author = {Hyv\"{a}rinen, Antti E. J. and Junttila, Tommi and Niemel\"{a}, Ilkka},
 title = {Grid-based {SAT} solving with iterative partitioning and clause learning},
 booktitle = {Proc. of the 17th international conference on Principles and practice of constraint programming},
 series = {CP'11},
 year = {2011},
 isbn = {978-3-642-23785-0},
 location = {Perugia, Italy},
 pages = {385--399},
 numpages = {15},
 acmid = {2041193},
% publisher = {Springer-Verlag},
% address = {Berlin, Heidelberg},
}
@MISC{G97,
    author = {Carla Gomes and Bart Selman and Nuno Crato},
    title = {Heavy-Tailed Distributions in Combinatorial Search},
    year = {1997}
}

@MISC{Ryan04,
    author = {Lawrence Ryan},
    title = {EFFICIENT ALGORITHMS FOR CLAUSE-LEARNING SAT SOLVERS},
    year = {2004}
}

@inproceedings{Go98,
 author = {Gomes, Carla P. and Selman, Bart and Kautz, Henry},
 title = {Boosting combinatorial search through randomization},
 booktitle = {Proceedings of the fifteenth national/tenth conference on Artificial intelligence/Innovative applications of artificial intelligence},
 series = {AAAI '98/IAAI '98},
 year = {1998},
 isbn = {0-262-51098-7},
 location = {Madison, Wisconsin, USA},
 pages = {431--437},
 numpages = {7},
 url = {http://dl.acm.org/citation.cfm?id=295240.295710},
 acmid = {295710},
 publisher = {American Association for Artificial Intelligence},
 address = {Menlo Park, CA, USA},
} 
@inproceedings{GN02,
 author = {Goldberg, E. and Novikov, Y.},
 title = {BerkMin: A Fast and Robust Sat-Solver},
 booktitle = {Proceedings of the conference on Design, automation and test in Europe},
 series = {DATE '02},
 year = {2002},
 isbn = {0-7695-1471-5},
 pages = {142--},
 url = {http://dl.acm.org/citation.cfm?id=882452.874512},
 acmid = {874512},
 publisher = {IEEE Computer Society},
 address = {Washington, DC, USA},
} 

@inproceedings{AS09,
 author = {Audemard, Gilles and Simon, Laurent},
 title = {Predicting learnt clauses quality in modern SAT solvers},
 booktitle = {Proc. of the 21st international jont conference on Artifical intelligence},
 series = {IJCAI'09},
 year = {2009},
 location = {Pasadena, California, USA},
 pages = {399--404},
 numpages = {6},
 acmid = {1661509},
 publisher = {Morgan Kaufmann Publishers Inc.},
% address = {San Francisco, CA, USA},
} 

@ARTICLE{LSZ93,
    author = {Michael Luby and Alistair Sinclair and David Zuckerman},
    title = {Optimal Speedup of Las Vegas Algorithms},
    journal = {Information Processing Letters},
    year = {1993},
    volume = {47},
    pages = {173--180}
}

@InProceedings{AS-12-2,
title = {Refining Restarts Strategies For SAT and UNSAT},
booktitle = {18th International Conference on Principles and Practice of Constraint Programming (CP'12)},
pages = {118-126},
author = {Audemard, Gilles and Simon, Laurent},
OPT_auteurs_membres = {Audemard, Gilles},
year = {2012},
month = {oct},
}

@inproceedings{EB05,
 author = {E{\'e}n, Niklas and Biere, Armin},
 title = {Effective preprocessing in SAT through variable and clause elimination},
 booktitle = {Proc. of the 8th international conference on Theory and Applications of Satisfiability Testing},
 series = {SAT'05},
 year = {2005},
 isbn = {3-540-26276-8, 978-3-540-26276-3},
 location = {St Andrews, UK},
 pages = {61--75},
 numpages = {15},
 url = {http://dx.doi.org/10.1007/11499107\textunderscore{}5},
 doi = {10.1007/11499107\textunderscore{}5},
 acmid = {2129935},
% publisher = {Springer-Verlag},
% address = {Berlin, Heidelberg},
}

@inproceedings{coprocessor,
  author    = {Norbert Manthey},
  title     = {Coprocessor 2.0 - A Flexible CNF Simplifier - (Tool Presentation)},
  booktitle = {SAT},
  year      = {2012},
  pages     = {436-441},
  ee        = {http://dx.doi.org/10.1007/978-3-642-31612-8_34},
  crossref  = {DBLP:conf/sat/2012},
  bibsource = {DBLP, http://dblp.uni-trier.de}
}

@inproceedings{crytominisat,
  author = {Mate Soos},
  title = {CryptoMiniSat 2.5.0},
  booktitle = {SAT Race competitive event booklet},
  year = {2010},
  month = {July}
}

@ARTICLE{manysat,
    author = {Youssef Hamadi and Lakhdar Sais},
    title = {ManySAT: a parallel SAT solver},
    journal = {JOURNAL ON SATISFIABILITY, BOOLEAN MODELING AND COMPUTATION (JSAT)},
    year = {2009},
    volume = {6}
}

@inproceedings{SelmanK93,
  author    = {Bart Selman and
               Henry A. Kautz},
  title     = {An Empirical Study of Greedy Local Search for Satisfiability
               Testing},
  booktitle = {AAAI},
  year      = {1993},
  pages     = {46-51},
  ee        = {http://www.aaai.org/Library/AAAI/1993/aaai93-008.php},
  crossref  = {DBLP:conf/aaai/1993},
  bibsource = {DBLP, http://dblp.uni-trier.de}
}

@proceedings{DBLP:conf/aaai/1993,
  editor    = {Richard Fikes and
               Wendy G. Lehnert},
  title     = {Proceedings of the 11th National Conference on Artificial
               Intelligence. Washington, DC, USA, July 11-15, 1993},
  booktitle = {AAAI},
  publisher = {AAAI Press / The MIT Press},
  year      = {1993},
  isbn      = {0-262-51071-5},
  ee        = {http://www.aaai.org/Conferences/AAAI/aaai93.php},
  bibsource = {DBLP, http://dblp.uni-trier.de}
}

@inbook{MSLM09HBSAT,
   Author = {Marques-Silva, Joao P. and Lynce, Ines and Malik, Sharad},
   Title = {Conflict-Driven Clause Learning SAT Solvers},
   Chapter = {4},
   Pages = {131-153},
   Crossref = {HandbookOfSAT2009}
}

@article{martins-constraints12,
  author    = {Ruben Martins and Vasco Manquinho and In\^es Lynce},
  title     = {An Overview of Parallel {SAT} Solving},
  journal   = {Constraints},
  publisher = {Springer Netherlands},
  year      = {2012},
  pages     = {304--347},
  volume    = {17},
  number    = {3}
}

@misc{pfolioUZK,
          volume = {2012-2},
          author = {Andreas Wotzlaw and Alexander van der Grinten and Ewald Speckenmeyer and Stefan Porschen},
          series = {Department of Computer Science Series of Publications B},
       booktitle = {Proc. of SAT Challenge 2012; Solver and Benchmark Descriptions},
           title = {pfolio{UZK}: Solver Description},
      publisher = {University of Helsinki},
           pages = {45},
            year = {2012},
             url = {http://e-archive.informatik.uni-koeln.de/684/},
       crossref  = {sc2012proceedings}
}

@INPROCEEDINGS{Hamadi08manysat:solver,
    author = {Youssef Hamadi and Said Jabbour and Lakhdar Sais},
    title = {ManySAT: Solver description},
    booktitle = {In SAT race},
    year = {2008}
}

@inproceedings{manysat-control09,
 author = {Hamadi, Youssef and Jabbour, Said and Sais, Lakhdar},
 title = {Control-based clause sharing in parallel SAT solving},
 booktitle = {Proc. of the 21st international jont conference on Artifical intelligence},
 series = {IJCAI'09},
 year = {2009},
 location = {Pasadena, California, USA},
 pages = {499--504},
 numpages = {6},
 url = {http://dl.acm.org/citation.cfm?id=1661445.1661525},
 acmid = {1661525},
 publisher = {Morgan Kaufmann Publishers Inc.},
% address = {San Francisco, CA, USA},
} 

@InProceedings{AS-12-1,
title = {GLUCOSE 2.1: Aggressive, but Reactive, Clause Database Management, Dynamic Restarts (Sys. Descr.)},
booktitle = {Pragmatics of SAT 2012},
author = {Audemard, Gilles and Simon, Laurent},
OPT_auteurs_membres = {Audemard, Gilles},
year = {2012},
month = {jun},
}

@article{paramils,
 author = {Hutter, Frank and Hoos, Holger H. and Leyton-Brown, Kevin and St\"{u}tzle, Thomas},
 title = {ParamILS: an automatic algorithm configuration framework},
 journal = {J. Artif. Int. Res.},
 issue_date = {September 2009},
 volume = {36},
 number = {1},
 month = sep,
 year = {2009},
 issn = {1076-9757},
 pages = {267--306},
 numpages = {40},
 url = {http://dl.acm.org/citation.cfm?id=1734953.1734959},
 acmid = {1734959},
 publisher = {AI Access Foundation},
 address = {USA},
} 

@ONLINE{sat-comp,
title = {The International {SAT} Competitions},
Howpublished = "\url{http://www.satcompetition.org/}"
}

@MastersThesis{Man10,
    author     =     {Norbert Manthey},
    title     =     {{ Improving SAT Solvers Using Stat-of-the-Art Techniques}},
    school     =     {TU Dresden},
    address     =     {Germany},
    year     =     {2010},
    }
    
@inproceedings{Manthey:2013:SAT,
 author = {Manthey, N. and Philipp, T. and Wernhard, C.},
 title = {Soundness of Inprocessing in Clause Sharing {SAT}~Solvers},
 booktitle = {Proc. 16th international conference on Theory and Applications of Satisfiability Testing},
 series = {SAT'13},
 year = {2013, accepted.},
 numpages = {14},
} 
@article{PMinisat,
author = {Chu Georey and Peter J. Stuckey and Aaron Harwood},
title = {{PMiniSat - A parallelization of MiniSat 2.0}},
year = {2008},
masid = {6202344}
}
@inproceedings {davide,
   author = {Davide Lanti and Norbert Manthey},
   title = {Sharing Information in Parallel Search with Search Space Partitioning},
   booktitle = {Proc. of the 7th International Conference on Learning and Intelligent Optimization (LION 7)},
   series = {LNCS},
   publisher = {Springer},
   year = {2013}
}

@inproceedings{Feier:2011:SNP:2085042.2085632,
 author = {Feier, Mihai Calin and Lemnaru, Camelia and Potolea, Rodica},
 title = {Solving NP-Complete Problems on the CUDA Architecture Using Genetic Algorithms},
 booktitle = {Proc. of the 2011 10th International Symposium on Parallel and Distributed Computing},
 series = {ISPDC '11},
 year = {2011},
 isbn = {978-0-7695-4540-0},
 pages = {278--281},
 numpages = {4},
 url = {http://dx.doi.org/10.1109/ISPDC.2011.50},
 doi = {10.1109/ISPDC.2011.50},
 acmid = {2085632},
% publisher = {IEEE Computer Society},
% address = {Washington, DC, USA},
 keywords = {parallel genetic algorithms, GPGPU, CUDA, NP-Complete, SAT, knapsack},
} 

@inproceedings{DBLP:conf/cp/HyvarinenJN11,
  author    = {Antti Eero Johannes Hyv{\"a}rinen and
               Tommi A. Junttila and
               Ilkka Niemel{\"a}},
  title     = {Grid-Based SAT Solving with Iterative Partitioning and Clause
               Learning},
  booktitle = {CP},
  year      = {2011},
  pages     = {385-399},
  ee        = {http://dx.doi.org/10.1007/978-3-642-23786-7_30},
  bibsource = {DBLP, http://dblp.uni-trier.de}
}

@ARTICLE{GoeddekeStrzodkaMohd-YusofMcCormickBuijssenGrajewskiTurek2007a,
author       = {G\"{o}ddeke, D. and Strzodka, R. and Mohd-Yusof, J. and McCormick, P. and Buijssen, S. H. M. and Grajewski, M. and Turek, S.},
title        = {Exploring weak scalability for {FEM} calculations on a {GPU}--enhanced cluster},
journal      = {Parallel Computing},
year         = {2007},
volume       = {33},
number       = {10--11},
pages        = {685--699}
}

@article{Rossinelli:2010:GAS:1749635.1750206,
 author = {Rossinelli, Diego and Bergdorf, Michael and Cottet, Georges-Henri and Koumoutsakos, Petros},
 title = {GPU accelerated simulations of bluff body flows using vortex particle methods},
 journal = {J. Comput. Phys.},
 issue_date = {May, 2010},
 volume = {229},
 number = {9},
 month = may,
 year = {2010},
 issn = {0021-9991},
 pages = {3316--3333},
 numpages = {18},
 url = {http://dx.doi.org/10.1016/j.jcp.2010.01.004},
 doi = {10.1016/j.jcp.2010.01.004},
 acmid = {1750206},
 keywords = {Bluff body flows, GPU, Penalization, Vortex methods},
} 

@inproceedings{Audemard:2011:FRL:2023474.2023496,
 author = {Audemard, Gilles and Lagniez, Jean-Marie and Mazure, Bertrand and Sa\"{\i}s, Lakhdar},
 title = {On freezing and reactivating learnt clauses},
 booktitle = {Proc. of the 14th international conference on Theory and application of satisfiability testing},
 series = {SAT'11},
 year = {2011},
 isbn = {978-3-642-21580-3},
 location = {Ann Arbor, MI},
 pages = {188--200},
 numpages = {13},
 url = {http://dl.acm.org/citation.cfm?id=2023474.2023496},
 acmid = {2023496},
 publisher = {Springer-Verlag},
% address = {Berlin, Heidelberg},
} 

@article{DBLP:journals/jsat/Biere08,
  author    = {Armin Biere},
  title     = {PicoSAT Essentials},
  journal   = {JSAT},
  volume    = {4},
  number    = {2-4},
  year      = {2008},
  pages     = {75-97},
  ee        = {http://jsat.ewi.tudelft.nl/content/volume4/JSAT4_5_Biere.pdf},
  bibsource = {DBLP, http://dblp.uni-trier.de}
}

@article{Gomes:2000:HPS:594137.594284,
 author = {Gomes, Carla P. and Selman, Bart and Crato, Nuno and Kautz, Henry},
 title = {Heavy-Tailed Phenomena in Satisf. and Constraint Satisfaction Problems},
 journal = {J. Autom. Reason.},
 issue_date = {February 2000},
 volume = {24},
 number = {1-2},
 month = feb,
 year = {2000},
 issn = {0168-7433},
 pages = {67--100},
 numpages = {34},
 url = {http://dx.doi.org/10.1023/A:1006314320276},
 doi = {10.1023/A:1006314320276},
 acmid = {594284},
 publisher = {Springer-Verlag New York, Inc.},
 address = {Secaucus, NJ, USA},
 keywords = {backtracking, constraint satisfaction, heavy tails, satisfiability},
} 

@InProceedings{hmnss:2011,
  author = 	 {S. H\"olldobler and N. Manthey and V.H. Nguyen and J. Stocklina and P. Steinke},
  title = 	 {A Short Overview on Modern Parallel {SAT}-Solvers},
  booktitle = {Proc. of the International Conference on Advanced Computer Science and Inf. Systems},
  pages = 	 {201-206},
  year = 	 2001,
  editor = 	 {I. Wasito et.al.},
%  note = 	 {ISBN 978-979-1421-11-9}}

@inproceedings{een03minisat,
  added-at = {2007-07-23T12:04:07.000+0200},
  author = {E\'en, Niklas and S\"orensson, Niklas},
  biburl = {http://www.bibsonomy.org/bibtex/2909cef8f82f1ff9db2ac34250f665651/zeno},
  booktitle = {SAT},
  editor = {Giunchiglia, Enrico and Tacchella, Armando},
  ee = {http://www.cs.chalmers.se/Cs/Research/FormalMethods/MiniSat/cgi/MiniSat.ps.gz.cgi},
  interhash = {151d69dfc3555b5c2a42b1e1acdb6010},
  intrahash = {909cef8f82f1ff9db2ac34250f665651},
  keywords = {2003 2004 SAT-solver ais-07w efficiency implementation},
  pages = {502--518},
  publisher = {Springer},
  series = {LNCS},
  timestamp = {2007-07-23T12:04:07.000+0200},
  title = {An Extensible SAT-solver},
  url = {http://dblp.uni-trier.de/db/conf/sat/sat2003.html#EenS03},
  volume = 2919,
  year = 2003
}

@InProceedings{penelope,
title = {PeneLoPe, a Parallel Clause-Freezer Solver},
booktitle = {Proc. of SAT Challenge 2012: Solver and Benchmarks Descriptions},
pages = {43--44},
author = {Audemard, Gilles and Hoessen, Benoît and Jabbour, Said and Lagniez, Jean-Marie and Piette, Cédric},
OPT_auteurs_membres = {Audemard, Gilles and Hoessen, Benoît and Jabbour, Said and Lagniez, Jean-Marie and Piette, Cédric},
year = {2012},
month = {may},
%address = {Lens},
abstract = {This paper provides a short system description of our new portfolio-based solver called PeneLoPe, based on ManySat. Particularly, this solver focuses on collaboration between threads, providing different policies for exporting and importing learnt clauses between CDCL searches. Moreover, different restart strategies are also available, together with a deterministic mode. },
}


@inproceedings{Manthey:2012:CFC:2352219.2352264,
 author = {Manthey, Norbert},
 title = {Coprocessor 2.0: a flexible CNF simplifier},
 booktitle = {Proceedings of the 15th international conference on Theory and Applications of Satisfiability Testing},
 series = {SAT'12},
 year = {2012},
 isbn = {978-3-642-31611-1},
 location = {Trento, Italy},
 pages = {436--441},
 numpages = {6},
 url = {http://dx.doi.org/10.1007/978-3-642-31612-8_34},
 doi = {10.1007/978-3-642-31612-8_34},
 acmid = {2352264},
 publisher = {Springer-Verlag},
 address = {Berlin, Heidelberg},
} 