@article {JeroslowWang:1990,
   author = {Jeroslow, Robert G. and Wang, Jinchang},
   title = {Solving propositional satisfiability problems},
   journal = {Annals of Mathematics and Artificial Intelligence},
   pages = {167-187},
   volume = {1},
   issue = {1},
   year = {1990}
}

