% http://en.wikipedia.org/wiki/ISO_4
% http://www.issn.org/2-22661-LTWA-online.php

% SAT CONFERENCES
@string {SAT2003 = "SAT~2003"}
@string {SAT2004 = "SAT~2004"}
@string {SAT2005 = "SAT~2005"}
@string {SAT2006 = "SAT~2006"}
@string {SAT2007 = "SAT~2007"}
@string {SAT2008 = "SAT~2008"}
@string {SAT2009 = "SAT~2009"}
@string {SAT2010 = "SAT~2010"}
@string {SAT2011 = "SAT~2011"}
@string {SAT2012 = "SAT~2012"}
@string {SAT2013 = "SAT~2013"}

@string {STOC1971 = "STOC~1991"}

% ITP CONFERNCES
@string {ITP2013 = "ITP~2013"}

@string {AAAI2006 = "AAAI~2006"}

@string {IEAAIE2012 = "IEA / AIE 2012"}

% SMT CONFERENCES
@string {SMT2009 =  "SMT~2009"}

@string {WORKSHOPSMT2010 = "Workshop SMT 2010"}

% LPAR CONFERENCES
@string {LPAR17 = "LPAR~17"}
@string {LPAR2010 = "LPAR~2010"}
@string {LPAR2004 = "LPAR~2004"}

% ECAI CONFERENCES
@string {ECAI1992 = "ECAI~1992" }
@string {ECAI2008 = "ECAI~2008" }
@string {ECAI2012 = "ECAI~2012" } 

% KI CONFERENCE
@string {KI2012 = "KI~2012"}
@string {KI2013 = "Proceedings of the 36th Annual German Conference on Artificial Intelligence (KI~2013)"}


@string {SEA2011 = "SEA~2011"}


@string {TACAS2011 = "TACAS 2011"}
@string {TACAS2010 = "TACAS 2010"}


% CADE CONFERENCE

@string {CADE2011 = "CADE 2011"} % 23

% FTP Workshop
@string {FTP09 = "FTP'09"}

@string {IFIP1959 = "IFIP 1959"}


@string {ICACSIS11 = "ICACSIS~2011"}

@string {LION7 = "LION~7"}

@string {ICCAD2006 = "ICCAD~2006"}
@string {ICCAD96 = "ICCAD~1996"}

@string {TACAS10 = "TACAS~2010"}

@string {IJCAR10 = "IJCAR~2012"} %' ??????
@string {IJCAR2012 = "IJCAR~2012"}


@string {ICTAI03 = "ICTAI~2003"}
@string {ICTAI2011 = "ICTAI 2011"}

@string {IJCAI2001 = "IJCAI~2001"}
@string {IJCAI07 = "IJCAI~2007"}
@string {IJCAI09 = "IJCAI~2009"}

@string {IEAAIE12 = "IEA/AIE~2012"}

@string {DAC99 = "DAC 1999"}
@string {DAC01 = "DAC 2001"}
@string {DAC02 = "DAC 2002"}

@string {CP2000 = "CP 2000"}
@string {CP2005 = "CP 2005"}
@string {CP2010 = "CP 2010"}
@string {CP2012 = "CP 2012"}
@string {CP2013 = "CP 2013"}

@string {CFV2007 = "CFV 2007"}

@string {DATE2003 = "DATE 2003"}

@string {SYMP_AI_MATH2002 = "Symposium on Artificial Intelligence and Mathematics 2002"}

@string {CanadianAI2011 = "Canadian AI 2011"}

@string {CPAIOR2003 = "CP-AI-OR 2004"}
@string {CPAIOR2004 = "CP-AI-OR 2005"}
@string {CPAIOR2005 = "CP-AI-OR 2006"}
@string {CPAIOR2007 = "CP-AI-OR 2007"}

@string {FMCAD2000 = "FMCAD 2000"}
@string {FMCAD2007 = "FMCAD 2007"}
@string {FMCAD2010 = "FMCAD 2010"}

@string {LPNMR2009 = "LPNMR 2009"}

@string {POS2010 = "POS 2010"}
@string {POS2012 = "POS 2012"}

@string {HVC2012 = "HVC 2012"}

@string {DATE2001 = "DATE 2001"}

@string {AAAI1996 = "AAAI 1996"}

% Series
@string {ACM = "ACM"}
@string {LNCS = "LNCS"}
@string {LNAI = "LNAI"}

% Journals

@string {ENTCS = "Electr. Notes Theor. Comput. Sci."}
@string {JACM = "JACM"}
@string {JSAT = "JSAT"}
@string {JAR = "J. Autom. Reason."}
@string {JAIR  = "JAIR"}
@string {JSC = "J. Symb. Comput."}

@string {CACM = "Commun. ACM"}

@string {DAM = "Discrete Appl. Math."}

@string {ANNALS_MATHEMTATICAL_LOGIC = "Annals of Mathematical Logic"}

@string {SATChallenge2012 = "SAT Challenge 2012"}
@string {TCAD = "IEEE Transactions on Computer-Aided Design of Integrated Circuits and Systems"}


@string {SARA2013 = "SARA 2013"}

@string {AI2008 = "AI 2008"}

@string {AAAI_IAAI_1997 = "AAAI 1997, IAAI 1997"}

@string {AAAI2010 = "AAAI 2010"}

